% References
@ARTICLE{lau,
author={Jey Han Lau, Karl Grieser, David Newman, and Timothy Baldwin},
title={Automatic Labelling of Topic Models},
year={2011}
}
